<?xml version="1.0" encoding="UTF-8"?><collection xmlns="http://www.loc.gov/MARC21/slim"><record><leader>00446nam--2200169-u-4500</leader><controlfield tag="001">000051510</controlfield><controlfield tag="002">20161230</controlfield><controlfield tag="005">20161230201049</controlfield><controlfield tag="008">080724s1000------------r-----000-0-eng-d</controlfield><datafield ind1=" " ind2=" " tag="040"><subfield code="a">IFIN-HH</subfield></datafield><datafield ind1=" " ind2=" " tag="080"><subfield code="a">517.4</subfield></datafield><datafield ind1="1" ind2=" " tag="100"><subfield code="a">Dech,G</subfield></datafield><datafield ind1="1" ind2="0" tag="245"><subfield code="a">R ukovodstvo k Prakticheskomu Primeneniyu Preobrazovaniya Laplasa i Z-Preobrazovaniya</subfield></datafield><datafield ind1=" " ind2=" " tag="260"><subfield code="a">Moskva</subfield><subfield code="b">Nauka</subfield><subfield code="c">1971</subfield></datafield><datafield ind1=" " ind2=" " tag="300"><subfield code="a">288 p</subfield></datafield><datafield ind1=" " ind2=" " tag="852"><subfield code="a">76653</subfield><subfield code="c">517.43</subfield></datafield><datafield ind1=" " ind2=" " tag="CAT"><subfield code="a">Sys</subfield><subfield code="c">20080724</subfield><subfield code="h">100120</subfield></datafield></record></collection>